# BOOKS
@BOOK{Sutton1998,
 author = {Sutton, Richard S. and Barto, Andrew G.},
 title = {Introduction to Reinforcement Learning},
 year = {1998},
 isbn = {0262193981},
 edition = {1st},
 publisher = {MIT Press},
 address = {Cambridge, MA, USA}
}

@BOOK{DeepLearningBook,
  author={Ian Goodfellow, Yoshua Bengio and Aaron Courville},
  title={Deep Learning},
  publisher={MIT Press},
  url={http://www.deeplearningbook.org},
  year={2016}
}

@BOOK{C++,
 author = {Bjarne Stroustrup},
 title = {The C++ Programming Language},
 year = {2013},
 edition = {4th},
 publisher = {Addison–Wesley},
 url={http://www.stroustrup.com/4th.html},
}

###############

@phdthesis{QLearning,
    title    = {Learning from Delayed Rewards},
    school   = {King's College},
    author   = {Christopher John Cornish Hellaby Watkins},
    year     = {1989},
}

@phdthesis{TedrakeThesis,
    title    = {Applied optimal control for dynamically stable legged locomotion},
    school   = {MIT},
    author   = {Russel Tedrake},
    year     = {2004},
}


@mastersthesis{MestradoManga,
    title     ={Omnidirectional ZMP-Based Walking for a Humanoid Robot},
    school    ={Instituto Tecnológico de Aeronáutica},
    author    ={Marcos R. O. A. Maximo},
    year      ={2015}
}

#################


# Articles
@ARTICLE{RLNature2015,
author={Mnih, Volodymyr
and Kavukcuoglu, Koray
and Silver, David
and Rusu, Andrei A.
and Veness, Joel
and Bellemare, Marc G.
and Graves, Alex
and Riedmiller, Martin
and Fidjeland, Andreas K.
and Ostrovski, Georg
and Petersen, Stig
and Beattie, Charles
and Sadik, Amir
and Antonoglou, Ioannis
and King, Helen
and Kumaran, Dharshan
and Wierstra, Daan
and Legg, Shane
and Hassabis, Demis},
title={Human-level control through deep reinforcement learning},
journal={Nature},
year={2015},
month={Feb},
day={26},
publisher={Nature Publishing Group, a division of Macmillan Publishers Limited. All Rights Reserved.},
volume={518},
number={7540},
pages={529-533},
note={Letter},
issn={0028-0836},
url={http://dx.doi.org/10.1038/nature14236}
}

@InProceedings{ICLR16-Stone,
  author = {Matthew Hausknecht and Peter Stone},
  title = {Deep Reinforcement Learning in Parameterized Action Space},
  booktitle = {Proceedings of the International Conference on Learning Representations (ICLR)},
  address = {San Juan, Puerto Rico},
  month = {May},
  year = {2016},
  publisher = {ICLR},
}

@article{CaminhadaManga,
    author = {Marcos R. O. A. Maximo and Carlos H. C. Ribeiro},
    title = {ZMP-Based Humanoid Walking Engine with Arms Movement and Stabilization},
    journal = {Congresso Brasileiro de Automáticas},
    year = {2016},
    URL = {https://ssl4799.websiteseguro.com/swge5/PROCEEDINGS/PDF/CBA2016-0048.pdf},
}

@inproceedings{Kajita,
	author = {Shuuji Kajita and Fumio Kanehiro and Kenji Kaneko and Kazuhito Yokoi and Hirohisa Hirukawa},
	title  ="{The 3D Linear Inverted Pendulum Mode: A simple modeling for a biped walking pattern generation}",
	year = {2001},
	month = {October},
	booktitle = {In Proceedings of the 2001 IEEE/RSJ International Conference on Intelligent Robots and Systems},
  publisher = {IEEE},
  address = {Hawaii, USA},
}

@article{BenchmarkingDRL,
  author    = {Yan Duan and
               Xi Chen and
               Rein Houthooft and
               John Schulman and
               Pieter Abbeel},
  title     = {Benchmarking Deep Reinforcement Learning for Continuous Control},
  journal   = {CoRR},
  volume    = {abs/1604.06778},
  year      = {2016},
  url       = {http://arxiv.org/abs/1604.06778},
  archivePrefix = {arXiv},
  eprint    = {1604.06778},
  timestamp = {Wed, 07 Jun 2017 14:41:27 +0200},
  biburl    = {http://dblp.org/rec/bib/journals/corr/DuanCHSA16},
  bibsource = {dblp computer science bibliography, http://dblp.org}
}

@ARTICLE{DDPG,
  author    = {Timothy P. Lillicrap and
               Jonathan J. Hunt and
               Alexander Pritzel and
               Nicolas Heess and
               Tom Erez and
               Yuval Tassa and
               David Silver and
               Daan Wierstra},
  title     = {Continuous control with deep reinforcement learning},
  journal   = {CoRR},
  volume    = {abs/1509.02971},
  year      = {2015},
  url       = {http://arxiv.org/abs/1509.02971},
  timestamp = {Wed, 07 Jun 2017 14:40:26 +0200},
  biburl    = {http://dblp.uni-trier.de/rec/bib/journals/corr/LillicrapHPHETS15},
  bibsource = {dblp computer science bibliography, http://dblp.org}
}

@article{PPO,
  author    = {John Schulman and
               Filip Wolski and
               Prafulla Dhariwal and
               Alec Radford and
               Oleg Klimov},
  title     = {Proximal Policy Optimization Algorithms},
  journal   = {CoRR},
  volume    = {abs/1707.06347},
  year      = {2017},
  url       = {http://arxiv.org/abs/1707.06347},
  archivePrefix = {arXiv},
  eprint    = {1707.06347},
  timestamp = {Sat, 05 Aug 2017 14:56:06 +0200},
  biburl    = {http://dblp.org/rec/bib/journals/corr/SchulmanWDRK17},
  bibsource = {dblp computer science bibliography, http://dblp.org}
}

@ARTICLE{DQNModelBasedAcc,
   author = {{Gu}, S. and {Lillicrap}, T. and {Sutskever}, I. and {Levine}, S.
	},
    title = "{Continuous Deep Q-Learning with Model-based Acceleration}",
  journal = {ArXiv e-prints},
archivePrefix = "arXiv",
   eprint = {1603.00748},
 primaryClass = "cs.LG",
     year = 2016,
    month = mar,
   adsurl = {http://adsabs.harvard.edu/abs/2016arXiv160300748G},
  adsnote = {Provided by the SAO/NASA Astrophysics Data System}
}

@article{TRPO,
  author    = {John Schulman and
               Sergey Levine and
               Philipp Moritz and
               Michael I. Jordan and
               Pieter Abbeel},
  title     = {Trust Region Policy Optimization},
  journal   = {CoRR},
  volume    = {abs/1502.05477},
  year      = {2015},
  url       = {http://arxiv.org/abs/1502.05477},
  archivePrefix = {arXiv},
  eprint    = {1502.05477},
  timestamp = {Wed, 07 Jun 2017 14:42:34 +0200},
  biburl    = {http://dblp.org/rec/bib/journals/corr/SchulmanLMJA15},
  bibsource = {dblp computer science bibliography, http://dblp.org}
}

@article{ReverseCurrLearning,
  author    = {Carlos Florensa and
               David Held and
               Markus Wulfmeier and
               Pieter Abbeel},
  title     = {Reverse Curriculum Generation for Reinforcement Learning},
  journal   = {CoRR},
  volume    = {abs/1707.05300},
  year      = {2017},
  url       = {http://arxiv.org/abs/1707.05300},
  archivePrefix = {arXiv},
  eprint    = {1707.05300},
  timestamp = {Sat, 05 Aug 2017 14:56:18 +0200},
  biburl    = {https://dblp.org/rec/bib/journals/corr/FlorensaHWA17},
  bibsource = {dblp computer science bibliography, https://dblp.org}
}

@article{TSCurrLearning,
  author    = {Tambet Matiisen and
               Avital Oliver and
               Taco Cohen and
               John Schulman},
  title     = {Teacher-Student Curriculum Learning},
  journal   = {CoRR},
  volume    = {abs/1707.00183},
  year      = {2017},
  url       = {http://arxiv.org/abs/1707.00183},
  archivePrefix = {arXiv},
  eprint    = {1707.00183},
  timestamp = {Sat, 05 Aug 2017 14:56:12 +0200},
  biburl    = {https://dblp.org/rec/bib/journals/corr/MatiisenOCS17},
  bibsource = {dblp computer science bibliography, https://dblp.org}
}

@inproceedings{BengioCurrLearning,
 author = {Bengio, Yoshua and Louradour, J{\'e}r\^{o}me and Collobert, Ronan and Weston, Jason},
 title = {Curriculum Learning},
 booktitle = {Proceedings of the 26th Annual International Conference on Machine Learning},
 series = {ICML '09},
 year = {2009},
 isbn = {978-1-60558-516-1},
 location = {Montreal, Quebec, Canada},
 pages = {41--48},
 numpages = {8},
 url = {http://doi.acm.org/10.1145/1553374.1553380},
 doi = {10.1145/1553374.1553380},
 acmid = {1553380},
 publisher = {ACM},
 address = {New York, NY, USA},
} 

@article{ExecuteCurrLearning,
  author    = {Wojciech Zaremba and
               Ilya Sutskever},
  title     = {Learning to Execute},
  journal   = {CoRR},
  volume    = {abs/1410.4615},
  year      = {2014},
  url       = {http://arxiv.org/abs/1410.4615},
  archivePrefix = {arXiv},
  eprint    = {1410.4615},
  timestamp = {Wed, 07 Jun 2017 14:41:29 +0200},
  biburl    = {https://dblp.org/rec/bib/journals/corr/ZarembaS14},
  bibsource = {dblp computer science bibliography, https://dblp.org}
}

@article{2017-TOG-deepLoco,
  title={DeepLoco: Dynamic Locomotion Skills Using Hierarchical Deep Reinforcement Learning},
  author={Xue Bin Peng and Glen Berseth and KangKang Yin and Michiel van de Panne},
  journal = {ACM Transactions on Graphics (Proc. SIGGRAPH 2017)},
  volume = 36,
  number = 4,
  article = 41,
  year={2017}
}
Acknowledgements


@article{SelfPlayMetaLearning,
  author    = {Maruan Al{-}Shedivat and
               Trapit Bansal and
               Yuri Burda and
               Ilya Sutskever and
               Igor Mordatch and
               Pieter Abbeel},
  title     = {Continuous Adaptation via Meta-Learning in Nonstationary and Competitive
               Environments},
  journal   = {CoRR},
  volume    = {abs/1710.03641},
  year      = {2017},
  url       = {http://arxiv.org/abs/1710.03641},
  archivePrefix = {arXiv},
  eprint    = {1710.03641},
  timestamp = {Wed, 01 Nov 2017 19:05:43 +0100},
}

@article{ESOpenAI,
  author    = {Tim Salimans and
               Jonathan Ho and
               Xi Chen and
               Ilya Sutskever},
  title     = {Evolution Strategies as a Scalable Alternative to Reinforcement Learning},
  journal   = {CoRR},
  volume    = {abs/1703.03864},
  year      = {2017},
  url       = {http://arxiv.org/abs/1703.03864},
  archivePrefix = {arXiv},
  eprint    = {1703.03864},
  timestamp = {Wed, 07 Jun 2017 01:00:00 +0200},
  biburl    = {https://dblp.org/rec/bib/journals/corr/SalimansHCS17},
  bibsource = {dblp computer science bibliography, https://dblp.org}
}

@article{OpenAISelfPlay,
  author    = {Trapit Bansal and
               Jakub Pachocki and
               Szymon Sidor and
               Ilya Sutskever and
               Igor Mordatch},
  title     = {Emergent Complexity via Multi-Agent Competition},
  journal   = {CoRR},
  volume    = {abs/1710.03748},
  year      = {2017},
  url       = {http://arxiv.org/abs/1710.03748},
  archivePrefix = {arXiv},
  eprint    = {1710.03748},
  timestamp = {Wed, 01 Nov 2017 19:05:43 +0100},
  biburl    = {https://dblp.org/rec/bib/journals/corr/abs-1710-03748},
  bibsource = {dblp computer science bibliography, https://dblp.org}
}

@Inbook{NeuroHassle2009,
    author="Gabel, Thomas
    and Riedmiller, Martin
    and Trost, Florian",
    editor="Iocchi, Luca
    and Matsubara, Hitoshi
    and Weitzenfeld, Alfredo
    and Zhou, Changjiu",
    title="A Case Study on Improving Defense Behavior in Soccer Simulation 2D: The NeuroHassle Approach",
    bookTitle="RoboCup 2008: Robot Soccer World Cup XII",
    year="2009",
    publisher="Springer Berlin Heidelberg",
    address={Berlin, Heidelberg},
    pages="61--72",
    isbn="978-3-642-02921-9",
    doi="10.1007/978-3-642-02921-9_6",
    url="http://dx.doi.org/10.1007/978-3-642-02921-9_6"
}

@inproceedings{DPG,
 author = {Silver, David and Lever, Guy and Heess, Nicolas and Degris, Thomas and Wierstra, Daan and Riedmiller, Martin},
 title = {Deterministic Policy Gradient Algorithms},
 booktitle = {Proceedings of the 31st International Conference on International Conference on Machine Learning - Volume 32},
 series = {ICML'14},
 year = {2014},
 location = {Beijing, China},
 pages = {I-387--I-395},
 url = {http://dl.acm.org/citation.cfm?id=3044805.3044850},
 acmid = {3044850},
 publisher = {JMLR.org},
} 

@InProceedings{AAMAS13-Farchy,
  author = {Alon Farchy and Samuel Barrett and Patrick MacAlpine and Peter Stone},
  title = {Humanoid Robots Learning to Walk Faster: From the Real World to Simulation and Back},
  booktitle = {Proc. of 12th Int. Conf. on Autonomous Agents and Multiagent Systems (AAMAS)},
  address = {Saint Paul, Minnesota, USA},
  month = {May},
  publisher = {AAMAS},
  year = {2013},
  wwwnote={The videos referenced in the paper: <a href="http://youtu.be/grlceQkBTxw">original</a> and <a href="http://youtu.be/nGc127yYoSs">optimized</a>.},
}

@article{NeuralStyle,
  author    = {Leon A. Gatys and
               Alexander S. Ecker and
               Matthias Bethge},
  title     = {A Neural Algorithm of Artistic Style},
  journal   = {CoRR},
  volume    = {abs/1508.06576},
  year      = {2015},
  url       = {http://arxiv.org/abs/1508.06576},
  timestamp = {Wed, 07 Jun 2017 14:41:58 +0200},
  biburl    = {http://dblp.uni-trier.de/rec/bib/journals/corr/GatysEB15a},
  bibsource = {dblp computer science bibliography, http://dblp.org}
}

@inproceedings{ReLU,
 author = {Nair, Vinod and Hinton, Geoffrey E.},
 title = {Rectified Linear Units Improve Restricted Boltzmann Machines},
 booktitle = {Proceedings of the 27th International Conference on International Conference on Machine Learning},
 series = {ICML'10},
 year = {2010},
 isbn = {978-1-60558-907-7},
 location = {Haifa, Israel},
 pages = {807--814},
 numpages = {8},
 url = {http://dl.acm.org/citation.cfm?id=3104322.3104425},
 acmid = {3104425},
 publisher = {Omnipress},
 address = {USA},
} 

@article{OpenAIGymPaper,
  author    = {Greg Brockman and
               Vicki Cheung and
               Ludwig Pettersson and
               Jonas Schneider and
               John Schulman and
               Jie Tang and
               Wojciech Zaremba},
  title     = {OpenAI Gym},
  journal   = {CoRR},
  volume    = {abs/1606.01540},
  year      = {2016},
  url       = {http://arxiv.org/abs/1606.01540},
  archivePrefix = {arXiv},
  eprint    = {1606.01540},
  timestamp = {Wed, 07 Jun 2017 14:41:24 +0200},
  biburl    = {http://dblp.org/rec/bib/journals/corr/BrockmanCPSSTZ16},
  bibsource = {dblp computer science bibliography, http://dblp.org}
}

@article{TDLearning,
  author = {Andrew G. Barto and Richard S. Sutton and Charles W. Anderson },
  title = {Neuronlike Adaptive Elements That Can Solve Difficult Learning Control Problems},
  year = {1983},
}

@article{ReplayBuffer,
  author = {Long-Ji Lin},
  title = {Self-Improving Reactive Agents Based On Reinforcement Learning, Planning and Teaching},
  year = {1992},
}

@article{ZMP,
  author = {Vukobratovic, Miomir and Borovac, Branislav},
  year = {2004},
  month = {03},
  pages = {157-173},
  title = {Zero-Moment Point - Thirty Five Years of its Life.},
  volume = {1},
  booktitle = {I. J. Humanoid Robotics}
}

@article{AlphaGoZero,
  added-at = {2017-12-15T02:14:58.000+0100},
  author = {Silver, David and Schrittwieser, Julian and Simonyan, Karen and Antonoglou, Ioannis 
  and Huang, Aja and Guez, Arthur and Hubert, Thomas and Baker, Lucas 
  and Lai, Matthew and Bolton, Adrian and Chen, Yutian and 
  Lillicrap, Timothy and Hui, Fan and Sifre, Laurent and van den Driessche,
   George and Graepel, Thore and Hassabis, Demis},
  journal = {Nature},
  month = oct,
  publisher = {Macmillan Publishers Limited, part of Springer Nature. All rights reserved.},
  timestamp = {2017-12-15T02:14:58.000+0100},
  title = {Mastering the game of Go without human knowledge},
  volume = 550,
  year = 2017
}

@inproceedings{RealityGap,
 author = {Koos, Sylvain and Mouret, Jean-Baptiste and Doncieux, St{\'e}phane},
 title = {Crossing the Reality Gap in Evolutionary Robotics by Promoting Transferable Controllers},
 booktitle = {Proceedings of the 12th Annual Conference on Genetic and Evolutionary Computation},
 year = {2010},
 location = {Portland, Oregon, USA},
 pages = {119--126},
 numpages = {8},
 publisher = {ACM},
 url = {http://doi.acm.org/10.1145/1830483.1830505},
}

@inproceedings{RewardShaping,
 author = {Ng, Andrew Y. and Harada, Daishi and Russell, Stuart J.},
 title = {Policy Invariance Under Reward Transformations: Theory and Application to Reward Shaping},
 booktitle = {Proceedings of the Sixteenth International Conference on Machine Learning},
 series = {ICML '99},
 year = {1999},
 isbn = {1-55860-612-2},
 pages = {278--287},
 numpages = {10},
 url = {http://dl.acm.org/citation.cfm?id=645528.657613},
 acmid = {657613},
 publisher = {Morgan Kaufmann Publishers Inc.},
 address = {San Francisco, CA, USA},
} 

@incollection{HER,
title = {Hindsight Experience Replay},
author = {Andrychowicz, Marcin and Wolski, Filip and Ray, Alex and Schneider, Jonas and Fong, Rachel and Welinder, Peter and McGrew, Bob and Tobin, Josh and Pieter Abbeel, OpenAI and Zaremba, Wojciech},
booktitle = {Advances in Neural Information Processing Systems 30},
editor = {I. Guyon and U. V. Luxburg and S. Bengio and H. Wallach and R. Fergus and S. Vishwanathan and R. Garnett},
pages = {5048--5058},
year = {2017},
publisher = {Curran Associates, Inc.},
url = {http://papers.nips.cc/paper/7090-hindsight-experience-replay.pdf}
}

@article{SimToReal,
author = {Tan, Jie and Zhang, Tingnan and Coumans, Erwin and 
Iscen, Atil and Bai, Yunfei and Hafner, Danijar and Bohez, Steven and Vanhoucke, Vincent},
year = {2018},
month = {04},
title = {Sim-to-Real: Learning Agile Locomotion For Quadruped Robots}
}

@article{CurseOfDimensionality,
  author    = {Yoshua Bengio and
               Aaron C. Courville and
               Pascal Vincent},
  title     = {Unsupervised Feature Learning and Deep Learning: {A} Review and New
               Perspectives},
  journal   = {CoRR},
  volume    = {abs/1206.5538},
  year      = {2012},
  url       = {http://arxiv.org/abs/1206.5538},
  archivePrefix = {arXiv},
  eprint    = {1206.5538},
  timestamp = {Wed, 07 Jun 2017 14:41:40 +0200},
  biburl    = {https://dblp.org/rec/bib/journals/corr/abs-1206-5538},
  bibsource = {dblp computer science bibliography, https://dblp.org}
}

@article{REINFORCE,
  author = {Ronald J. Wiliams},
  title = {Simple Statistical Gradient-Following Algorithms for Connectionist Reinforcement Learning},
  year = {1992},
}

@article{A3C,
  author    = {Volodymyr Mnih and
               Adri{\`{a}} Puigdom{\`{e}}nech Badia and
               Mehdi Mirza and
               Alex Graves and
               Timothy P. Lillicrap and
               Tim Harley and
               David Silver and
               Koray Kavukcuoglu},
  title     = {Asynchronous Methods for Deep Reinforcement Learning},
  journal   = {CoRR},
  volume    = {abs/1602.01783},
  year      = {2016},
  url       = {http://arxiv.org/abs/1602.01783},
  archivePrefix = {arXiv},
  eprint    = {1602.01783},
  timestamp = {Wed, 07 Jun 2017 14:43:09 +0200},
  biburl    = {https://dblp.org/rec/bib/journals/corr/MnihBMGLHSK16},
  bibsource = {dblp computer science bibliography, https://dblp.org}
}

@article{MetaLearningSharedHiearchies,
  author    = {Kevin Frans and
               Jonathan Ho and
               Xi Chen and
               Pieter Abbeel and
               John Schulman},
  title     = {Meta Learning Shared Hierarchies},
  journal   = {CoRR},
  volume    = {abs/1710.09767},
  year      = {2017},
  url       = {http://arxiv.org/abs/1710.09767},
  archivePrefix = {arXiv},
  eprint    = {1710.09767},
  timestamp = {Thu, 02 Nov 2017 14:25:36 +0100},
}



@article{ACER,
  author    = {Ziyu Wang and
               Victor Bapst and
               Nicolas Heess and
               Volodymyr Mnih and
               R{\'{e}}mi Munos and
               Koray Kavukcuoglu and
               Nando de Freitas},
  title     = {Sample Efficient Actor-Critic with Experience Replay},
  journal   = {CoRR},
  volume    = {abs/1611.01224},
  year      = {2016},
  url       = {http://arxiv.org/abs/1611.01224},
  archivePrefix = {arXiv},
  eprint    = {1611.01224},
  timestamp = {Tue, 08 Aug 2017 15:06:57 +0200},
  biburl    = {http://dblp.org/rec/bib/journals/corr/WangBHMMKF16},
  bibsource = {dblp computer science bibliography, http://dblp.org}
}

@article{OpenAIParameterNoise,
  author    = {Matthias Plappert and
               Rein Houthooft and
               Prafulla Dhariwal and
               Szymon Sidor and
               Richard Y. Chen and
               Xi Chen and
               Tamim Asfour and
               Pieter Abbeel and
               Marcin Andrychowicz},
  title     = {Parameter Space Noise for Exploration},
  journal   = {CoRR},
  volume    = {abs/1706.01905},
  year      = {2017},
  url       = {http://arxiv.org/abs/1706.01905},
  archivePrefix = {arXiv},
  eprint    = {1706.01905},
  timestamp = {Mon, 03 Jul 2017 13:29:02 +0200},
  biburl    = {https://dblp.org/rec/bib/journals/corr/PlappertHDSCCAA17},
  bibsource = {dblp computer science bibliography, https://dblp.org}
}
maintained by Schloss Dagstuhl LZI at University of Trier	homebrowsesearchabout


@article{ActivationFunction,
  author={Bing Xu, Ruitong Huang and Mu Li},
  title={Revise Saturated Activation Functions},
  year={2016},
}

@article{goodfellow2014qualitatively,
  title={Qualitatively characterizing neural network optimization problems},
  author={Goodfellow, Ian J and Vinyals, Oriol and Saxe, Andrew M},
  journal={arXiv preprint arXiv:1412.6544},
  year={2014}
}
@article{swirszcz2017local,
  title={Local minima in training of neural networks},
  author={Swirszcz, Grzegorz and Czarnecki, Wojciech Marian and Pascanu, Razvan},
  journal={stat},
  volume={1050},
  pages={17},
  year={2017}
}

@article{lin2017does,
  title={Why does deep and cheap learning work so well?},
  author={Lin, Henry W and Tegmark, Max and Rolnick, David},
  journal={Journal of Statistical Physics},
  volume={168},
  number={6},
  pages={1223--1247},
  year={2017},
  publisher={Springer}
}

@article{OverlappingLLMacAlpine,
  title = {Overlapping Layered Learning},
  journal = {Artificial Intelligence},
  volume = {254},
  pages = {21--43},
  month = {January},
  year = {2018},
  issn = {0004-3702},
  doi = {https://doi.org/10.1016/j.artint.2017.09.001},
  url = {https://www.sciencedirect.com/science/article/pii/S0004370217301066},
  author = {MacAlpine, Patrick and Stone, Peter},
  publisher = {Elsevier},
}

@incollection{LLMacAlpine,
  author = {David L. Leottau and Javier Ruiz-del-Solar and Patrick MacAlpine and Peter Stone},
  title = {A Study of Layered Learning Strategies Applied to Individual Behaviors in Robot Soccer},
  booktitle = {{R}obo{C}up-2015: Robot Soccer World Cup {XIX}},
  Editor={Luis Almeida and Jianmin Ji and Gerald Steinbauer and Sean Luke},
  Publisher="Springer Verlag",
  address="Berlin",
  year="2016",
  series="Lecture Notes in Artificial Intelligence",
}

@article{CMA-ES,
 author = {Hansen, Nikolaus and M\"{u}ller, Sibylle D. and Koumoutsakos, Petros},
 title = {Reducing the Time Complexity of the Derandomized Evolution Strategy with Covariance Matrix Adaptation (CMA-ES)},
 journal = {Evol. Comput.},
 issue_date = {Spring 2003},
 volume = {11},
 number = {1},
 month = mar,
 year = {2003},
 issn = {1063-6560},
 pages = {1--18},
 numpages = {18},
 url = {http://dx.doi.org/10.1162/106365603321828970},
 doi = {10.1162/106365603321828970},
 acmid = {772376},
 publisher = {MIT Press},
 address = {Cambridge, MA, USA},
}

@article{VerificationRL,
  author={Perry Van Wesel and Alwyn E. Huang Goodloe},
  title={Challenges in the Verification of Reinforcement Learning Algorithms},
  year={2017},
}

@MISC{Leottau_balldribbling,
    author = {Leonardo Leottau and Carlos Celemin and Javier Ruiz-del-solar},
    title = {Ball Dribbling for Humanoid Biped Robots: A Reinforcement Learning and Fuzzy Control Approach},
    year = {2014},
    urlaccessdate = {25 abril de 2018},
}

@InProceedings{AAAI12-MacAlpine,
  author = {Patrick MacAlpine and Samuel Barrett and Daniel Urieli and Victor Vu and Peter Stone},
  title = {Design and Optimization of an Omnidirectional Humanoid Walk:
A Winning Approach at the {R}obo{C}up 2011 3{D} Simulation Competition},
  booktitle = {Proceedings of the Twenty-Sixth AAAI Conference on Artificial Intelligence (AAAI)},
  address = {Toronto, Ontario, Canada},
  publisher = {AAAI},
  month = {July},
  year = {2012},
}

@article{ClosedLoopDribble,
  author = {J.J. Alcaraz-Jiménez and David Herrero-Perez and Humberto Barberá},
  title = {A Closed-Loop Dribbling Gait For The Standard Platform League},
  year = {2014},
}

@article{deepmind1,
  author = {Nicolas Heess and Dhruva TB and Srinivasan Sriram and Jay Lemmon and Josh Merel and Greg Wayne and
		    Yuval Tassa and Tom Erez and Ziyu Wang and S. M. Ali Eslami and Martin Riedmiller and David Silver},
  title = {Emergence of Locomotion Behaviours in Rich Environments},
  year = {2017},
  month = {july},
}

@article{deepmind2,
  author = {Josh Merel and Yuval Tassa and Dhruva TB and Sriram Srinivasan and Jay Lemmon and Ziyu Wang and
			Greg Wayne and Nicolas Heess},
  title = {Learning human behaviors from motion capture by adversarial imitation},
  year = {2017},
  month = {july},
}

@article{deepmind3,
  author = {Ziyu Wang and Josh Merel and Scott Reed and Greg Wayne and Nando de Freitas and Nicolas Heess},
  title = {Robust Imitation of Diverse Behaviors},
  year = {2017},
  month = {july},
}

@article{deepmimic,
  author = {Xue Bin Peng and Pieter Abbeel and Sergey Levine and Michiel Van De Panne},
  title = {DeepMimic: Example-Guided Deep Reinforcement Learning of Physics-Based Character Skills},
  year = {2018},
  month = {April},
}

@inproceedings{gail,
 author = {Jonathan Ho and Stefano Ermon},
 title = {Generative adversarial imitation learning},
 booktitle = {Advances in Neural Information Processing Systems},
 year = {2016},
 pages = {4565–4573},
} 

@article{abbas,
  author = {Abbas Abdolmaleki and David Simões and Nuno Lau and Luis Paulo Reis andGerhard Neumann},
  journal = {20th RoboCup International Symposium, Leipzig, Germany, July 2016.},
  title = {Learning a Humanoid Kick With Controlled Distance},
  year = {2016},
  month = {July},
}


[download]

###############


# WEBSITES

@misc{AIapplications,
  title = {The Top 10 AI And Machine Learning Use Cases Everyone Should Know About},
  author = {Bernard Marr},
  url = {https://www.forbes.com/sites/bernardmarr/2016/09/30/what-are-the-top-10-use-cases-for-machine-learning-and-ai/#1b87569994c9}},
  urlaccessdate = {26 Junho de 2018}
}

@misc{lecture1DS,
  title = {Lecture 1: Introduction to Reinforcement Learning},
  author = {David Silver},
  url = {http://www0.cs.ucl.ac.uk/staff/D.Silver/web/Teaching.html},
  urlaccessdate = {25 Junho de 2018}
}

@misc{NeuralStyleGitHub,
  author = {Johnson, Justin},
  title = {neural-style},
  year = {2015},
  publisher = {GitHub},
  journal = {GitHub repository},
  url = {https://github.com/jcjohnson/neural-style},
  urlaccessdate = {29 novembro de 2017},
}

@misc{Backgammon,
        Author = {David Levner},
        Title = {Is Brute Force Backgammon Possible?},
        Year = {1976},
        url = {www.bkgm.com/articles/Levner/BruteForceBackgammon/},
}

@article{GoGame,
  author    = {John Tromp and
               Gunnar Farnebäck},
  title     = {Combinatorics of Go},
  year      = {2016},
  url       = {https://tromp.github.io/go/gostate.pdf},
}

@misc{OpenAI,
  Author = {Greg Brockman and Vicki Cheung and Ludwig Pettersson and Jonas Schneider and John Schulman and Jie Tang and Wojciech Zaremba},
  Title = {OpenAI Gym},
  Year = {2016},
  Eprint = {arXiv:1606.01540},
}

@misc{OpenAIBaselines,
  author = {Dhariwal, Prafulla and Hesse, Christopher and Plappert, Matthias and Radford, Alec and Schulman, John and Sidor, Szymon and Wu, Yuhuai},
  title = {OpenAI Baselines},
  year = {2017},
  publisher = {GitHub},
  journal = {GitHub repository},
  url = {https://github.com/openai/baselines},
}

@misc{RoboViz,
  Author = {Justin Stoecker},
  Title = {RoboViz},
  Year = {2011},
  url = {https://github.com/magmaOffenburg/RoboViz},
  urlaccessdate = {04 abril de 2018},
}

@MISC{SimSpark,
  title = {SimSpark},
  year = {2004},
  url = {http://simspark.sourceforge.net/wiki/index.php/Main_Page},
  urlaccessdate = {30 outubro de 2017},
}

@MISC{NaoRobot,
  title = {NAO Robot},
  author = {SoftBank Robotics},
  year = {2018},
  url = {https://www.ald.softbankrobotics.com/en/robots/nao},
  urlaccessdate = {22 abril de 2018},
}


@MISC{SimSparkEffectors,
  title = {SimSpark Effectors},
  author = {Oliver Obst and Jan Murray
  and Joschka Boedecker and Markus Rollmann and Mosalam Ebrahimi
  and Hedayat Vatankhah and Sander van Dijk and Xu Yuan},
  year = {2004},
  url = {https://gitlab.com/robocup-sim/SimSpark/wikis/Effectors},
  urlaccessdate = {30 outubro de 2017},
}

@MISC{ODE,
  title = {Open Dynamics Engine (ODE)},
  year = {2004},
  author = {ODE},
  url = {http://www.ode.org/},
  urlaccessdate = {29 outubro de 2017},
}
@misc{DeepMind,
  title     = {DeepMind},
  url       = {https://www.deepmind.com/},
  urlaccessdate = {26 outubro de 2017}
}

@misc{OpenAIGym,
        Author = {Greg Brockman and Vicki Cheung and Ludwig Pettersson and Jonas Schneider and John Schulman and Jie Tang and Wojciech Zaremba},
        Title = {OpenAI Gym},
        Year = {2016},
        Eprint = {arXiv:1606.01540},
        urlaccessdate = {10 maio de 2018},
}

@misc{ProtoBuf,
  title     = {Protocol Buffers},
  author      = {Google},
  year      = {2017},
  url       = {https://developers.google.com/protocol-buffers/},
  urlaccessdate = {06 novembro de 2017}
}

@misc{Python,
  title     = {What is Python? Executive Summary},
  year      = {2017},
  author    = {Python},
  url       = {https://www.python.org/doc/essays/blurb/},
  urlaccessdate = {06 novembro de 2017}
}

@misc{GitHub,
  author    = {Alexandre Muzio},
  year      = {2017},
  title     = {DDPG-Humanoid},
  url       = {https://github.com/alexandremuzio/ddpg-humanoid},
  urlaccessdate = {06 novembro de 2017},
}

@misc{ITAndroids,
  title     = {ITAndroids Robotics team},
  year      = {2017},
  url       = {http://www.itandroids.com.br/en/},
  urlaccessdate = {14 de novembro de 2017},
  }

@misc{TensorFlow,
  title={ {TensorFlow}: Large-Scale Machine Learning on Heterogeneous Systems},
  url={https://www.tensorflow.org/},
  note={Software available from tensorflow.org},
  author={
    Mart\'{\i}n~Abadi and
    Ashish~Agarwal and
    Paul~Barham and
    Eugene~Brevdo and
    Zhifeng~Chen and
    Craig~Citro and
    Greg~S.~Corrado and
    Andy~Davis and
    Jeffrey~Dean and
    Matthieu~Devin and
    Sanjay~Ghemawat and
    Ian~Goodfellow and
    Andrew~Harp and
    Geoffrey~Irving and
    Michael~Isard and
    Yangqing Jia and
    Rafal~Jozefowicz and
    Lukasz~Kaiser and
    Manjunath~Kudlur and
    Josh~Levenberg and
    Dan~Man\'{e} and
    Rajat~Monga and
    Sherry~Moore and
    Derek~Murray and
    Chris~Olah and
    Mike~Schuster and
    Jonathon~Shlens and
    Benoit~Steiner and
    Ilya~Sutskever and
    Kunal~Talwar and
    Paul~Tucker and
    Vincent~Vanhoucke and
    Vijay~Vasudevan and
    Fernanda~Vi\'{e}gas and
    Oriol~Vinyals and
    Pete~Warden and
    Martin~Wattenberg and
    Martin~Wicke and
    Yuan~Yu and
    Xiaoqiang~Zheng},
  year={2015}
}